<?xml version="1.0" encoding="UTF-8"?><collection xmlns="http://www.loc.gov/MARC21/slim"><record><leader>00472nam--2200169-i-4500</leader><controlfield tag="001">000036265</controlfield><controlfield tag="002">20161230</controlfield><controlfield tag="005">20161230201040</controlfield><controlfield tag="008">060222s1000------------r-----000-0-eng-d</controlfield><datafield ind1=" " ind2=" " tag="040"><subfield code="a">IFIN-HH</subfield></datafield><datafield ind1=" " ind2=" " tag="080"><subfield code="a">539.141.1</subfield></datafield><datafield ind1="1" ind2=" " tag="100"><subfield code="a">Nozieres, P</subfield></datafield><datafield ind1="1" ind2="0" tag="245"><subfield code="a">Le probleme a n corps. proprietes generales des gaz de fermions</subfield><subfield code="b">Preface de m. levy</subfield><subfield code="c">P. nozieres</subfield></datafield><datafield ind1=" " ind2=" " tag="260"><subfield code="a">Paris</subfield><subfield code="b">Dunod</subfield><subfield code="c">1963</subfield></datafield><datafield ind1=" " ind2=" " tag="300"><subfield code="a">XIII + 320P</subfield></datafield><datafield ind1=" " ind2=" " tag="852"><subfield code="a">18462</subfield><subfield code="c">539.141</subfield></datafield><datafield ind1=" " ind2=" " tag="CAT"><subfield code="a">Sys</subfield><subfield code="c">20120417</subfield><subfield code="h">144531</subfield></datafield></record></collection>